2896 4732
220 576 261 648 84
428 571 481 632 De
497 572 704 632 Comervamla
725 571 813 631 Bona
833 569 1011 632 Valetudeite.

630 776 633 784 '
660 800 785 864 xmv.

590 971 646 1036 me
667 968 853 1048 metium.

334 1110 649 1176 ULTIPLICANT
672 1112 817 1190 mictum,
832 1120 978 1175 ventrem
995 1111 1074 1175 dant
1087 1109 1226 1174 AEscula

421 1218 579 1280 strictum.

222 1319 364 1404 Mespila
378 1321 459 1384 dura
473 1321 569 1400 bona,
586 1300 645 1384 sed
660 1320 772 1384 mollia
787 1329 864 1384 sunt
878 1320 1021 1384 meliora.

624 1577 824 1590 ῃ

634 1737 802 1830 'imvm

621 1913 678 1980 me
697 1910 827 1990 tssmm

311 2060 406 2123 APA
418 2057 511 2142 juvat
526 2056 743 2134 stomachum,
759 2055 850 2119 novit
864 2055 1044 2139 producere
1058 2064 1204 2136 ventum,

334 2168 494 2231 Provocat
509 2166 644 2242 urinam,
660 2164 755 2228 saciet
769 2157 902 2247 quoque
917 2163 1013 2226 dente
1029 2165 1165 2228 ruinam.

220 2273 256 2339 Si
273 2274 357 2337 male
373 2281 467 2336 cocta
483 2272 586 2348 datur,
602 2271 678 2333 hinc
693 2270 795 2334 torsio
811 2278 889 2332 tunc
904 2277 1084 2351 generatur.

489 2589 493 2596 -
604 2509 748 2623 (Additio
762 2544 847 2632 mv.)

225 2674 337 2739 Radix
352 2693 430 2754 rapa
443 2672 531 2735 bona
545 2680 604 2748 est,
619 2675 801 2737 comedenti
818 2675 874 2737 dat
887 2673 948 2737 tria
962 2673 1049 2737 dona
1057 2695 1066 2752 ;

223 2781 344 2842 Visum
360 2777 521 2854 clarificat,
536 2785 682 2840 ventrem
697 2779 813 2857 mollit,
828 2779 911 2842 bene
926 2779 1061 2841 bombit.

222 2883 370 2944 Ventum
388 2880 477 2962 saepe
492 2881 586 2963 rapis,
602 2882 629 2943 si
645 2890 680 2944 tu
696 2883 745 2945 vis
760 2883 869 2946 vivere
883 2884 977 2964 rapis.

626 3147 823 3160 *u-n

645 3323 806 3391 vam.
848 3409 850 3414 ³

422 3551 429 3562 .
464 3497 520 3565 itt
540 3495 745 3566 mutuatim
767 3496 981 3568 vitutihut.

311 3665 521 3732 GERITUR
536 3666 627 3730 tarde
643 3689 716 3748 c0r;
740 3669 897 3751 digeritur
911 3671 1044 3752 quoque
1060 3668 1149 3734 dure.

332 3773 487 3839 Similiter
502 3774 701 3853 stomachuS,
716 3775 833 3838 melior
847 3777 889 3838 sit
904 3777 937 3839 in
953 3778 1186 3842 extremitates.

253 3963 262 3995 ¹
276 3960 339 4009 Noe
352 3959 432 4008 XLV.
445 3958 494 4007 and
512 3959 607 4008 XLVI.
620 3959 669 4008 will
687 3959 719 4009 be
736 3958 814 4008 found
831 3958 964 4028 combined
974 3958 1035 4010 with
1046 3960 1110 4010 Nos.
1123 3962 1228 4014 XVIII.

224 4043 272 4092 and
285 4042 392 4101 xxvl.‚
404 4041 468 4090 antl.
