2896 4732
223 551 278 608 160
633 551 798 626 Apperultx.

220 737 254 801 Si
271 738 443 814 fornicasti,
458 737 510 799 vei
525 737 641 799 balnea
656 737 682 798 si
698 736 846 812 visitasti,

221 841 297 904 Non
313 842 413 904 debes
427 843 576 917 scribere,
592 843 619 903 si
634 842 684 903 vis
699 843 806 903 visum
822 842 968 903 retinere.

222 948 343 1010 Balneo
358 957 490 1030 peracto
504 967 570 1010 non
589 947 775 1009 immediate
790 948 915 1024 cibato;

222 1053 375 1115 Dimittas
390 1062 515 1135 potum,
531 1072 606 1114 nam
621 1053 766 1134 expertis
781 1061 832 1114 est
846 1051 931 1114 bend
945 1061 1071 1116 notum.

221 1159 425 1240 AEquoreum
441 1158 603 1222 lavacrum
619 1158 760 1220 dessicat
774 1178 911 1240 corpora
926 1158 1077 1235 muitum,

222 1263 338 1325 Dulcis
351 1283 436 1344 aqua
451 1263 588 1344 stringit,
605 1262 767 1344 infrigidat
782 1263 928 1325 membra
942 1263 1119 1327 lavacrum.

221 1366 342 1430 Balnea
356 1377 432 1430 sunt
446 1367 559 1443 calida,
574 1368 664 1429 sitin
680 1367 743 1429 illis
758 1368 863 1429 sessio
876 1389 986 1450 parva,

167 1487 171 1497 ·
222 1473 374 1556 Corporis
390 1472 566 1536 humiditas
581 1493 622 1536 ne
637 1473 845 1536 continuetur
859 1473 893 1536 in
907 1474 981 1536 illis.

624 1788 819 1802 ..ι-ι...-

497 2045 586 2115 utut
606 2045 759 2123 §attilia
780 2039 947 2116 Effectus.

306 2215 426 2280 INUM
443 2217 561 2280 subtile
576 2216 651 2281 ¹facit
665 2218 698 2280 in
716 2238 794 2281 sene
809 2240 867 2282 cor
883 2181 1047 2300 juieui1e3

326 2322 392 2386 Sed
407 2323 519 2386 vinum
534 2323 598 2386 viie
614 2325 719 2386 reddit
737 2323 882 2405 juvenile
896 2326 1006 2388 senile.

223 2428 289 2493 Dat
304 2451 421 2514 purtim
437 2431 547 2493 vinum
563 2431 620 2493 tibi
636 2431 774 2514 plurima
790 2433 982 2511 commod&
1003 2432 1148 2516 priunum

222 2535 390 2602 Consortat
405 2537 583 2616 cerebrum,
598 2539 803 2602 stomachum
821 2540 925 2603 reddit
940 2540 996 2603 tibi
1014 2541 1139 2620 tautum,

223 2644 347 2708 Furnos
361 2653 505 2722 evacuat,
521 2655 553 2708 et
568 2646 691 2709 viscera
706 2647 802 2729 piena
816 2648 959 2726 relaxat;

220 2750 322 2814 Acuit
336 2751 512 2833 ingenium,
528 2753 634 2814 visum
649 2753 759 2828 nutrit,
774 2753 860 2816 levat
873 2775 977 2829 aureS,
1087 2762 1092 2767 '
1176 2757 1179 2763 '

221 2856 348 2939 Corpus
362 2855 561 2938 pinguificat,
575 2857 675 2918 vitam
691 2857 764 2919 facit
778 2868 877 2939 atque
891 2859 1067 2920 robustam.

623 3170 817 3185 —————

525 3405 616 3472 Uirri
637 3406 733 3472 Noti
754 3407 921 3475 uteru.

309 3572 406 3637 ANT
420 3594 506 3637 nova
520 3575 642 3656 pectori
658 3575 815 3655 majorem
830 3578 906 3639 vina
919 3577 1081 3655 calorem

330 3679 465 3743 Urirmm
481 3693 664 3762 procurant,
679 3684 774 3764 capiti
791 3694 987 3746 nocumenta
1002 3685 1196 3751 ministrant.

221 3786 305 3849 Sunt
320 3787 506 3850 cariesactim
519 3789 713 3869 generaliter
728 3792 838 3851 onmia
854 3792 937 3852 vina

223 3893 340 3955 Furius
356 3893 493 3956 etiieitur
507 3897 602 3956 citius
619 3908 736 3977 potans
751 3897 826 3958 vina
842 3898 952 3977 nigra;

221 4000 362 4064 Ventres
376 4003 613 4085 coustringunt,
630 4014 736 4078 urunt,
751 4014 784 4066 et
799 4005 923 4066 viscera
937 4005 1070 4069 laedunt„
