2896 4732
275 567 332 624 114
478 552 529 611 De
547 551 754 612 Conservanda
774 551 863 610 Bona
884 551 1062 610 Valetudtite.

273 740 362 805 Usus
377 749 455 803 tunc
471 739 594 804 homini
610 741 748 804 Veneris
764 740 888 804 confert
903 742 1099 804 moderatus,

262 848 427 931 uCorporis
442 856 476 911 et
491 857 609 925 motus,
624 849 810 930 ventrisque
826 847 956 923 solutio,
973 847 1082 923 sudor,

273 953 403 1030 Balnea,
418 961 598 1036 purgentur
612 962 690 1016 tunc
706 974 843 1036 corpora
858 973 934 1015 curn
950 952 1127 1016 medicinis.

272 1059 386 1122 AEstas
401 1079 492 1122 more
508 1059 591 1122 calet
605 1060 700 1138 sicca,
716 1067 749 1122 et
763 1067 914 1122 noscatur
928 1059 961 1121 in
977 1058 1032 1122 illa

271 1167 366 1229 Tunc
382 1186 514 1248 quoque
528 1165 692 1248 praecipue
707 1165 872 1229 choleram
888 1166 1017 1227 rubram
1038 1164 1208 1229 dominari.

274 1271 430 1347 Humida,
446 1271 562 1353 frigida
576 1271 696 1333 fercula
711 1272 837 1348 dentur,
853 1271 896 1332 sit
910 1269 1025 1332 Venus
1040 1277 1142 1347 extra,

272 1374 394 1438 Balnea
408 1395 474 1437 non
489 1383 635 1457 prosunt,
651 1375 716 1438 sint
731 1394 811 1437 rarae
826 1373 1069 1457 phlebotomiae,

271 1479 371 1544 Utilis
386 1488 437 1542 est
452 1479 589 1561 requies,
605 1479 648 1542 sit
662 1499 737 1542 cum
754 1479 974 1542 moderamine
992 1489 1113 1560 potus„

677 2030 874 2095 LXXXVI.

347 2193 405 2260 me
424 2192 575 2260 Nantua
599 2191 759 2271 hstium,
776 2191 938 2259 mortium
962 2196 991 2259 tt
1012 2190 1203 2258 venatum.

363 2332 518 2399 SSIBUS
535 2355 579 2397 ex
594 2334 687 2399 denis
701 2334 752 2397 bis
768 2333 978 2416 centenisque
993 2332 1138 2410 novenis,

385 2438 522 2505 Constat
536 2440 648 2517 homo,
663 2439 755 2503 denis
770 2440 821 2503 bis
837 2440 988 2522 dentibus
1003 2448 1036 2500 et
1052 2437 1231 2515 duodenis;

274 2547 319 2612 Et
334 2556 383 2612 ter
398 2548 542 2611 centenis
558 2548 666 2611 decies
681 2567 742 2611 sex
757 2548 902 2630 quinque
916 2546 1017 2609 venis.

671 3081 885 3146 LXXXVII.

345 3257 408 3336 ,me
430 3255 592 3330 thumum
611 3252 824 3331 ittttnmtttua
844 3250 1000 3330 trutinant
1024 3248 1200 3330 huruuua.

366 3421 564 3488 UATUOR
579 3421 733 3484 humores
750 3421 782 3484 in
798 3420 942 3484 humano
957 3440 1093 3503 corpore
1108 3427 1270 3498 constant,

204 3538 209 3546 '
279 3421 361 3623 Q
389 3531 530 3614 Sanguis
547 3551 622 3594 cum
638 3529 778 3607 cholera,
793 3528 956 3612 phlegma,
973 3527 1196 3592 melancholia.

275 3637 377 3701 Terra
392 3636 644 3714 melancholicis
660 3657 745 3718 aqua
760 3635 922 3698 confertur
936 3636 1059 3717 pituita.

279 3744 347 3808 Aer
362 3745 558 3825 sanguineis
575 3745 671 3825 ignea
685 3743 734 3804 vis
750 3741 899 3804 cholerae.
