2896 4732
221 534 258 594 72
425 518 480 579 De
494 518 702 581 annuam
720 520 811 580 Bm
829 518 1009 581 Vddulriu.

637 749 804 814 xxxlv.

537 919 594 984 nt
613 920 720 986 lacti
741 918 902 988 tatutis.

302 1083 366 1149 Ac
380 1084 552 1168 phthisicis
565 1108 683 1150 sanum
696 1089 865 1170 caprinum
879 1098 956 1171 post
969 1087 1189 1169 camelinum3

324 1192 378 1254 Ac
392 1195 582 1256 nutritivum
596 1195 672 1277 plus
686 1196 840 1258 omnibus
853 1206 905 1258 est
918 1197 1092 1259 asininum

222 1298 298 1360 Plus
313 1300 502 1361 nutritivum
512 1301 693 1376 vaccinum,
708 1302 756 1362 sic
769 1310 804 1363 et
817 1302 962 1365 ovinum

220 1402 256 1467 Si
271 1403 385 1468 {ebriat
397 1414 495 1487 caput
510 1414 543 1467 et
557 1405 676 1483 doleat,
690 1426 758 1469 non
771 1417 823 1469 est
835 1406 921 1470 bene
934 1426 1061 1471 sanum

452 1821 596 1908 (Addinh
609 1845 653 1887 ex
669 1824 729 1888 Ed.
746 1824 867 1904 Parisii,
887 1823 991 1910 1861.)

224 1952 404 2016 Humectat
418 1952 633 2029 stomachum,
648 1953 815 2035 proprium
830 1954 995 2036 nutritque
1008 1954 1152 2017 calorem

225 2060 373 2142 Hepatis,
388 2068 422 2121 et
436 2059 595 2121 stomachi
610 2068 832 2141 contemperat
846 2060 1106 2136 immoderatum,

224 2167 383 2230 Provocat
398 2167 533 2243 urinam,
548 2166 671 2228 confert
686 2167 885 2248 pinguedine
900 2167 1041 2248 dempta,
1172 2210 1176 2215 -

225 2275 269 2336 Et
284 2275 388 2337 mollit
403 2281 558 2351 ventrem,
574 2273 728 2335 humores
744 2273 870 2336 solvere
885 2273 992 2335 fertur.

225 2381 293 2443 lac
308 2401 416 2443 vaccae
432 2381 570 2443 multum
585 2379 744 2442 confortat
759 2380 904 2442 membra
918 2379 1044 2456 calore;

225 2486 372 2570 Dissipat
387 2486 562 2549 humorum
577 2506 722 2549 morsum
738 2486 891 2548 nocivum
906 2486 1104 2563 calidoru1113

226 2593 347 2658 Carnes
362 2601 559 2676 augmentat,
575 2593 715 2655 matricis
730 2593 863 2655 vulnera
877 2601 987 2670 sunan

226 2701 404 2764 Humectat
419 2721 537 2782 corpus
552 2699 693 2762 hominis
709 2699 768 2777 lac,
779 2709 878 2780 atque
892 2699 1031 2780 refrigat,

226 2806 378 2888 Quaeque
392 2807 511 2869 cibaria
525 2807 607 2868 dura
620 2805 748 2867 turbida
761 2807 886 2866 viscera
899 2805 1047 2866 reddunt

628 3133 821 3144 ——ae—

558 3411 704 3480 XXXV.
728 3408 893 3478 XXXVI.

535 3589 591 3656 tue
611 3588 744 3666 ttutntn
768 3592 797 3655 rt
818 3587 919 3663 zeto.

310 3753 422 3822 ENIT
436 3766 469 3821 et
484 3755 658 3833 humectat,
674 3755 771 3819 solvit
786 3754 855 3817 sine
871 3753 957 3816 febre
974 3751 1143 3833 Butyrum.
1239 3786 1244 3796 ·

332 3862 449 3926 Incidit
485 3871 583 3942 atque
616 3860 710 3935 lavat,
740 3867 896 3941 penetrat,
926 3858 1061 3919 mundat
1091 3873 1224 3938 quoque

397 3963 522 4031 Serum.
