<?xml version="1.0" encoding="UTF-8"?>
<!DOCTYPE html PUBLIC "-//W3C//DTD XHTML 1.0 Transitional//EN"
    "http://www.w3.org/TR/xhtml1/DTD/xhtml1-transitional.dtd">
<html xmlns="http://www.w3.org/1999/xhtml" xml:lang="en" lang="en">
 <head>
  <title>
</title>
<meta http-equiv="Content-Type" content="text/html;charset=utf-8" />
  <meta name='ocr-system' content='tesseract 3.04.00' />
  <meta name='ocr-capabilities' content='ocr_page ocr_carea ocr_par ocr_line ocrx_word'/>
</head>
<body>
  <div class='ocr_page' id='page_1' title='image "./codehealthschoo00salegoog_0165.png"; bbox 0 0 2896 4732; ppageno 0'>
   <div class='ocr_carea' id='block_1_1' title="bbox 223 567 802 646">
    <p class='ocr_par' dir='ltr' id='par_1_1' title="bbox 223 567 802 646">
     <span class='ocr_line' id='line_1_1' title="bbox 223 567 802 646; baseline -0.003 -19"><span class='ocrx_word' id='word_1_1' title='bbox 223 568 280 646; x_wconf 83' lang='lat'>156</span> <span class='ocrx_word' id='word_1_2' title='bbox 636 567 802 643; x_wconf 67' lang='lat' dir='ltr'>appendu.</span> 
     </span>
    </p>
   </div>
   <div class='ocr_carea' id='block_1_2' title="bbox 221 753 1097 1789">
    <p class='ocr_par' dir='ltr' id='par_1_2' title="bbox 222 753 1097 945">
     <span class='ocr_line' id='line_1_2' title="bbox 222 753 1097 838; baseline -0.001 -21"><span class='ocrx_word' id='word_1_3' title='bbox 222 755 347 838; x_wconf 83' lang='lat' dir='ltr'>Magna</span> <span class='ocrx_word' id='word_1_4' title='bbox 360 764 465 833; x_wconf 90' lang='lat' dir='ltr'>nocet,</span> <span class='ocrx_word' id='word_1_5' title='bbox 481 755 641 818; x_wconf 87' lang='lat' dir='ltr'>medicina</span> <span class='ocrx_word' id='word_1_6' title='bbox 656 755 761 833; x_wconf 88' lang='lat' dir='ltr'>docet,</span> <span class='ocrx_word' id='word_1_7' title='bbox 777 776 829 818; x_wconf 88' lang='lat' dir='ltr'>res</span> <span class='ocrx_word' id='word_1_8' title='bbox 843 763 894 817; x_wconf 87' lang='lat' dir='ltr'>est</span> <span class='ocrx_word' id='word_1_9' title='bbox 909 753 1080 817; x_wconf 79' lang='lat' dir='ltr'>manifesta</span> <span class='ocrx_word' id='word_1_10' title='bbox 1088 776 1097 834; x_wconf 87' lang='lat'>;</span> 
     </span>
     <span class='ocr_line' id='line_1_3' title="bbox 222 861 963 945; baseline 0 -21"><span class='ocrx_word' id='word_1_11' title='bbox 222 861 400 944; x_wconf 87' lang='lat' dir='ltr'><strong>Nunquam</strong></span> <span class='ocrx_word' id='word_1_12' title='bbox 416 862 543 926; x_wconf 89' lang='lat' dir='ltr'>diversa</span> <span class='ocrx_word' id='word_1_13' title='bbox 556 862 614 924; x_wconf 91' lang='lat' dir='ltr'>tibi</span> <span class='ocrx_word' id='word_1_14' title='bbox 630 862 750 924; x_wconf 76' lang='lat' dir='ltr'>fercula</span> <span class='ocrx_word' id='word_1_15' title='bbox 764 882 873 945; x_wconf 86' lang='lat' dir='ltr'>neque</span> <span class='ocrx_word' id='word_1_16' title='bbox 887 863 963 924; x_wconf 89' lang='lat' dir='ltr'>vina</span> 
     </span>
    </p>

    <p class='ocr_par' dir='ltr' id='par_1_3' title="bbox 222 967 991 1050">
     <span class='ocr_line' id='line_1_4' title="bbox 222 967 991 1050; baseline 0.001 -20"><span class='ocrx_word' id='word_1_17' title='bbox 222 969 261 1030; x_wconf 90' lang='lat' dir='ltr'>In</span> <span class='ocrx_word' id='word_1_18' title='bbox 275 969 391 1031; x_wconf 82' lang='lat' dir='ltr'>eadem</span> <span class='ocrx_word' id='word_1_19' title='bbox 406 988 528 1045; x_wconf 85' lang='lat' dir='ltr'>mensa,</span> <span class='ocrx_word' id='word_1_20' title='bbox 543 969 605 1030; x_wconf 88' lang='lat' dir='ltr'>nisi</span> <span class='ocrx_word' id='word_1_21' title='bbox 621 967 811 1050; x_wconf 88' lang='lat' dir='ltr'>compulsus</span> <span class='ocrx_word' id='word_1_22' title='bbox 825 968 991 1050; x_wconf 83' lang='lat' dir='ltr'>capienda.</span> 
     </span>
    </p>

    <p class='ocr_par' dir='ltr' id='par_1_4' title="bbox 221 1074 925 1157">
     <span class='ocr_line' id='line_1_5' title="bbox 221 1074 925 1157; baseline 0 -19"><span class='ocrx_word' id='word_1_23' title='bbox 221 1075 256 1139; x_wconf 91' lang='lat' dir='ltr'>Si</span> <span class='ocrx_word' id='word_1_24' title='bbox 272 1075 317 1137; x_wconf 90' lang='lat' dir='ltr'>sis</span> <span class='ocrx_word' id='word_1_25' title='bbox 332 1074 533 1157; x_wconf 87' lang='lat' dir='ltr'>compulsus,</span> <span class='ocrx_word' id='word_1_26' title='bbox 547 1075 627 1137; x_wconf 85' lang='lat' dir='ltr'>tolle</span> <span class='ocrx_word' id='word_1_27' title='bbox 641 1075 733 1156; x_wconf 92' lang='lat' dir='ltr'>quod</span> <span class='ocrx_word' id='word_1_28' title='bbox 747 1084 798 1137; x_wconf 90' lang='lat' dir='ltr'>est</span> <span class='ocrx_word' id='word_1_29' title='bbox 812 1075 925 1138; x_wconf 87' lang='lat' dir='ltr'>levius.</span> 
     </span>
    </p>

    <p class='ocr_par' dir='ltr' id='par_1_5' title="bbox 221 1181 944 1263">
     <span class='ocr_line' id='line_1_6' title="bbox 221 1181 944 1263; baseline -0.001 -18"><span class='ocrx_word' id='word_1_30' title='bbox 221 1181 255 1245; x_wconf 87' lang='lat' dir='ltr'>Si</span> <span class='ocrx_word' id='word_1_31' title='bbox 272 1183 376 1243; x_wconf 86' lang='lat' dir='ltr'>sumis</span> <span class='ocrx_word' id='word_1_32' title='bbox 390 1182 467 1243; x_wconf 86' lang='lat' dir='ltr'>vina</span> <span class='ocrx_word' id='word_1_33' title='bbox 480 1181 577 1242; x_wconf 87' lang='lat' dir='ltr'>simul</span> <span class='ocrx_word' id='word_1_34' title='bbox 593 1190 627 1243; x_wconf 90' lang='lat' dir='ltr'>et</span> <span class='ocrx_word' id='word_1_35' title='bbox 641 1181 701 1258; x_wconf 86' lang='lat' dir='ltr'>lac,</span> <span class='ocrx_word' id='word_1_36' title='bbox 716 1181 760 1243; x_wconf 90' lang='lat' dir='ltr'>sit</span> <span class='ocrx_word' id='word_1_37' title='bbox 773 1182 830 1243; x_wconf 87' lang='lat' dir='ltr'>tibi</span> <span class='ocrx_word' id='word_1_38' title='bbox 847 1181 944 1263; x_wconf 60' lang='lat' dir='ltr'>lepra</span> 
     </span>
    </p>

    <p class='ocr_par' dir='ltr' id='par_1_6' title="bbox 221 1287 1060 1472">
     <span class='ocr_line' id='line_1_7' title="bbox 221 1287 1060 1368; baseline 0 -19"><span class='ocrx_word' id='word_1_39' title='bbox 221 1287 253 1350; x_wconf 97' lang='lat' dir='ltr'>O</span> <span class='ocrx_word' id='word_1_40' title='bbox 268 1306 351 1368; x_wconf 87' lang='lat' dir='ltr'>puer</span> <span class='ocrx_word' id='word_1_41' title='bbox 363 1296 439 1348; x_wconf 86' lang='lat' dir='ltr'><strong>ante</strong></span> <span class='ocrx_word' id='word_1_42' title='bbox 453 1287 546 1347; x_wconf 83' lang='lat' dir='ltr'>dabis</span> <span class='ocrx_word' id='word_1_43' title='bbox 560 1305 697 1367; x_wconf 85' lang='lat' dir='ltr'>aquam;</span> <span class='ocrx_word' id='word_1_44' title='bbox 720 1296 796 1368; x_wconf 88' lang='lat' dir='ltr'>post</span> <span class='ocrx_word' id='word_1_45' title='bbox 809 1287 944 1368; x_wconf 86' lang='lat' dir='ltr'>prandia</span> <span class='ocrx_word' id='word_1_46' title='bbox 957 1287 1060 1349; x_wconf 60' lang='lat' dir='ltr'>dabis</span> 
     </span>
     <span class='ocr_line' id='line_1_8' title="bbox 223 1390 938 1472; baseline -0.001 -20"><span class='ocrx_word' id='word_1_47' title='bbox 223 1390 421 1472; x_wconf 86' lang='lat' dir='ltr'>Pauperibus</span> <span class='ocrx_word' id='word_1_48' title='bbox 436 1410 525 1451; x_wconf 84' lang='lat' dir='ltr'>sanae</span> <span class='ocrx_word' id='word_1_49' title='bbox 540 1391 605 1451; x_wconf 90' lang='lat' dir='ltr'>sint</span> <span class='ocrx_word' id='word_1_50' title='bbox 619 1410 705 1452; x_wconf 85' lang='lat' dir='ltr'><strong>escae</strong></span> <span class='ocrx_word' id='word_1_51' title='bbox 720 1391 920 1470; x_wconf 84' lang='lat' dir='ltr'>quotidianae</span> <span class='ocrx_word' id='word_1_52' title='bbox 928 1411 938 1468; x_wconf 92' lang='lat'>;</span> 
     </span>
    </p>

    <p class='ocr_par' dir='ltr' id='par_1_7' title="bbox 222 1495 902 1578">
     <span class='ocr_line' id='line_1_9' title="bbox 222 1495 902 1578; baseline -0.004 -17"><span class='ocrx_word' id='word_1_53' title='bbox 222 1497 327 1561; x_wconf 82' lang='lat' dir='ltr'>coena</span> <span class='ocrx_word' id='word_1_54' title='bbox 340 1495 504 1578; x_wconf 82' lang='lat' dir='ltr'>completa</span> <span class='ocrx_word' id='word_1_55' title='bbox 516 1496 698 1577; x_wconf 83' lang='lat' dir='ltr'>completur</span> <span class='ocrx_word' id='word_1_56' title='bbox 712 1505 782 1558; x_wconf 85' lang='lat' dir='ltr'>tota</span> <span class='ocrx_word' id='word_1_57' title='bbox 796 1497 902 1559; x_wconf 64' lang='lat' dir='ltr'>diaeta„</span> 
     </span>
    </p>

    <p class='ocr_par' dir='ltr' id='par_1_8' title="bbox 224 1602 973 1685">
     <span class='ocr_line' id='line_1_10' title="bbox 224 1602 973 1685; baseline -0.003 -19"><span class='ocrx_word' id='word_1_58' title='bbox 224 1605 313 1666; x_wconf 86' lang='lat' dir='ltr'>Pone</span> <span class='ocrx_word' id='word_1_59' title='bbox 327 1602 416 1685; x_wconf 83' lang='lat' dir='ltr'>gulae</span> <span class='ocrx_word' id='word_1_60' title='bbox 431 1612 534 1665; x_wconf 80' lang='lat' dir='ltr'>metas</span> <span class='ocrx_word' id='word_1_61' title='bbox 549 1611 586 1664; x_wconf 93' lang='lat' dir='ltr'>ut</span> <span class='ocrx_word' id='word_1_62' title='bbox 600 1603 643 1664; x_wconf 89' lang='lat' dir='ltr'>sit</span> <span class='ocrx_word' id='word_1_63' title='bbox 656 1602 714 1664; x_wconf 90' lang='lat' dir='ltr'>tibi</span> <span class='ocrx_word' id='word_1_64' title='bbox 730 1602 861 1684; x_wconf 81' lang='lat' dir='ltr'>longior</span> <span class='ocrx_word' id='word_1_65' title='bbox 874 1612 973 1679; x_wconf 83' lang='lat' dir='ltr'><strong>aetas;</strong></span> 
     </span>
    </p>

    <p class='ocr_par' dir='ltr' id='par_1_9' title="bbox 222 1707 1010 1789">
     <span class='ocr_line' id='line_1_11' title="bbox 222 1707 1010 1789; baseline -0.003 -17"><span class='ocrx_word' id='word_1_66' title='bbox 222 1709 270 1773; x_wconf 90' lang='lat' dir='ltr'>Ut</span> <span class='ocrx_word' id='word_1_67' title='bbox 284 1709 431 1771; x_wconf 81' lang='lat' dir='ltr'>medicus</span> <span class='ocrx_word' id='word_1_68' title='bbox 445 1707 546 1787; x_wconf 78' lang='lat' dir='ltr'>fatur3</span> <span class='ocrx_word' id='word_1_69' title='bbox 567 1727 684 1789; x_wconf 86' lang='lat' dir='ltr'>parcus</span> <span class='ocrx_word' id='word_1_70' title='bbox 699 1707 741 1771; x_wconf 86' lang='lat' dir='ltr'>de</span> <span class='ocrx_word' id='word_1_71' title='bbox 756 1716 862 1769; x_wconf 86' lang='lat' dir='ltr'>morte</span> <span class='ocrx_word' id='word_1_72' title='bbox 876 1708 1010 1770; x_wconf 85' lang='lat' dir='ltr'>levatur.</span> 
     </span>
    </p>
   </div>
   <div class='ocr_carea' id='block_1_3' title="bbox 604 2295 850 2364">
    <p class='ocr_par' dir='ltr' id='par_1_10' title="bbox 604 2295 850 2364">
     <span class='ocr_line' id='line_1_12' title="bbox 604 2295 850 2364; baseline -0.004 -1"><span class='ocrx_word' id='word_1_73' title='bbox 604 2295 703 2364; x_wconf 60' lang='lat' dir='ltr'>otuu</span> <span class='ocrx_word' id='word_1_74' title='bbox 725 2297 850 2364; x_wconf 62' lang='lat' dir='ltr'>uno.</span> 
     </span>
    </p>
   </div>
   <div class='ocr_carea' id='block_1_4' title="bbox 303 2466 1143 2655">
    <p class='ocr_par' dir='ltr' id='par_1_11' title="bbox 303 2466 1143 2655">
     <span class='ocr_line' id='line_1_13' title="bbox 303 2466 1143 2550; baseline -0.002 -15"><span class='ocrx_word' id='word_1_75' title='bbox 303 2466 580 2534; x_wconf 84' lang='lat' dir='ltr'><strong>RAELUDANT</strong></span> <span class='ocrx_word' id='word_1_76' title='bbox 593 2466 678 2545; x_wconf 80' lang='lat' dir='ltr'>offae,</span> <span class='ocrx_word' id='word_1_77' title='bbox 693 2467 896 2550; x_wconf 79' lang='lat' dir='ltr'>praecludunt</span> <span class='ocrx_word' id='word_1_78' title='bbox 909 2467 1020 2531; x_wconf 86' lang='lat' dir='ltr'>omnia</span> <span class='ocrx_word' id='word_1_79' title='bbox 1035 2466 1143 2533; x_wconf 74' lang='lat' dir='ltr'>coffae,</span> 
     </span>
     <span class='ocr_line' id='line_1_14' title="bbox 325 2575 1024 2655; baseline -0.009 -11"><span class='ocrx_word' id='word_1_80' title='bbox 325 2581 474 2644; x_wconf 87' lang='lat' dir='ltr'>Dulciter</span> <span class='ocrx_word' id='word_1_81' title='bbox 489 2578 628 2655; x_wconf 81' lang='lat' dir='ltr'>invadet,</span> <span class='ocrx_word' id='word_1_82' title='bbox 643 2576 701 2639; x_wconf 86' lang='lat' dir='ltr'>sed</span> <span class='ocrx_word' id='word_1_83' title='bbox 717 2575 840 2639; x_wconf 82' lang='lat' dir='ltr'>duriter</span> <span class='ocrx_word' id='word_1_84' title='bbox 854 2575 908 2639; x_wconf 82' lang='lat' dir='ltr'>ilia</span> <span class='ocrx_word' id='word_1_85' title='bbox 923 2576 1024 2655; x_wconf 72' lang='lat' dir='ltr'>iudet,</span> 
     </span>
    </p>
   </div>
   <div class='ocr_carea' id='block_1_5' title="bbox 228 2685 1028 3082">
    <p class='ocr_par' dir='ltr' id='par_1_12' title="bbox 228 2685 1028 2878">
     <span class='ocr_line' id='line_1_15' title="bbox 228 2685 1028 2774; baseline -0.006 -20"><span class='ocrx_word' id='word_1_86' title='bbox 228 2691 368 2774; x_wconf 86' lang='lat' dir='ltr'>Spiritus</span> <span class='ocrx_word' id='word_1_87' title='bbox 383 2710 426 2753; x_wconf 83' lang='lat' dir='ltr'>ex</span> <span class='ocrx_word' id='word_1_88' title='bbox 441 2689 518 2751; x_wconf 85' lang='lat' dir='ltr'>vino</span> <span class='ocrx_word' id='word_1_89' title='bbox 534 2707 632 2770; x_wconf 84' lang='lat' dir='ltr'>quam</span> <span class='ocrx_word' id='word_1_90' title='bbox 648 2685 753 2749; x_wconf 80' lang='lat' dir='ltr'>fundit</span> <span class='ocrx_word' id='word_1_91' title='bbox 767 2685 883 2749; x_wconf 75' lang='lat' dir='ltr'><strong>dextm</strong></span> <span class='ocrx_word' id='word_1_92' title='bbox 895 2687 1028 2769; x_wconf 85' lang='lat' dir='ltr'>popiuo.</span> 
     </span>
     <span class='ocr_line' id='line_1_16' title="bbox 229 2793 893 2878; baseline -0.008 -18"><span class='ocrx_word' id='word_1_93' title='bbox 229 2798 279 2860; x_wconf 87' lang='lat' dir='ltr'>Sit</span> <span class='ocrx_word' id='word_1_94' title='bbox 293 2797 350 2859; x_wconf 89' lang='lat' dir='ltr'>tibi</span> <span class='ocrx_word' id='word_1_95' title='bbox 366 2804 550 2878; x_wconf 85' lang='lat' dir='ltr'>postremus</span> <span class='ocrx_word' id='word_1_96' title='bbox 564 2794 657 2876; x_wconf 85' lang='lat' dir='ltr'>panis</span> <span class='ocrx_word' id='word_1_97' title='bbox 672 2793 705 2854; x_wconf 87' lang='lat' dir='ltr'>in</span> <span class='ocrx_word' id='word_1_98' title='bbox 720 2812 778 2854; x_wconf 85' lang='lat' dir='ltr'>ore</span> <span class='ocrx_word' id='word_1_99' title='bbox 792 2793 893 2855; x_wconf 74' lang='lat' dir='ltr'>obus.</span> 
     </span>
    </p>

    <p class='ocr_par' dir='ltr' id='par_1_13' title="bbox 230 2896 1019 3082">
     <span class='ocr_line' id='line_1_17' title="bbox 230 2896 1019 2982; baseline -0.009 -19"><span class='ocrx_word' id='word_1_100' title='bbox 230 2901 307 2964; x_wconf 89' lang='lat' dir='ltr'>Non</span> <span class='ocrx_word' id='word_1_101' title='bbox 326 2900 418 2982; x_wconf 78' lang='lat' dir='ltr'>juvat</span> <span class='ocrx_word' id='word_1_102' title='bbox 432 2920 451 2963; x_wconf 83' lang='lat' dir='ltr'>o</span> <span class='ocrx_word' id='word_1_103' title='bbox 465 2907 560 2982; x_wconf 77' lang='lat' dir='ltr'>pastu</span> <span class='ocrx_word' id='word_1_104' title='bbox 574 2906 708 2979; x_wconf 87' lang='lat' dir='ltr'>sumpto</span> <span class='ocrx_word' id='word_1_105' title='bbox 722 2896 910 2977; x_wconf 73' lang='lat' dir='ltr'>flagrantior</span> <span class='ocrx_word' id='word_1_106' title='bbox 922 2897 1019 2977; x_wconf 83' lang='lat' dir='ltr'>iguis.</span> 
     </span>
     <span class='ocr_line' id='line_1_18' title="bbox 231 2999 1019 3082; baseline -0.011 -13"><span class='ocrx_word' id='word_1_107' title='bbox 231 3003 309 3069; x_wconf 82' lang='lat' dir='ltr'>Post</span> <span class='ocrx_word' id='word_1_108' title='bbox 323 3022 450 3067; x_wconf 75' lang='lat' dir='ltr'>coenum</span> <span class='ocrx_word' id='word_1_109' title='bbox 465 3002 566 3065; x_wconf 80' lang='lat' dir='ltr'>stabis</span> <span class='ocrx_word' id='word_1_110' title='bbox 580 3009 637 3064; x_wconf 80' lang='lat' dir='ltr'>aut</span> <span class='ocrx_word' id='word_1_111' title='bbox 650 3019 768 3082; x_wconf 77' lang='lat' dir='ltr'>passus</span> <span class='ocrx_word' id='word_1_112' title='bbox 782 2999 872 3062; x_wconf 81' lang='lat' dir='ltr'>mille</span> <span class='ocrx_word' id='word_1_113' title='bbox 886 3000 1019 3062; x_wconf 64' lang='lat' dir='ltr'>mobis</span> 
     </span>
    </p>
   </div>
   <div class='ocr_carea' id='block_1_6' title="bbox 454 3519 1005 3605">
    <p class='ocr_par' dir='ltr' id='par_1_14' title="bbox 454 3519 1005 3605">
     <span class='ocr_line' id='line_1_19' title="bbox 454 3519 1005 3605; baseline -0.007 -12"><span class='ocrx_word' id='word_1_114' title='bbox 454 3519 622 3605; x_wconf 64' lang='lat' dir='ltr'>numu</span> <span class='ocrx_word' id='word_1_115' title='bbox 644 3538 660 3588; x_wconf 75' lang='lat' dir='ltr'><strong><em>t</em></strong></span> <span class='ocrx_word' id='word_1_116' title='bbox 679 3520 787 3600; x_wconf 64' lang='lat' dir='ltr'>vm</span> <span class='ocrx_word' id='word_1_117' title='bbox 809 3528 840 3591; x_wconf 75' lang='lat' dir='ltr'>tt</span> <span class='ocrx_word' id='word_1_118' title='bbox 860 3538 878 3589; x_wconf 73' lang='lat' dir='ltr'><strong>t</strong></span> <span class='ocrx_word' id='word_1_119' title='bbox 896 3520 1005 3603; x_wconf 63' lang='lat'><strong>³¹1⁰·</strong></span> 
     </span>
    </p>
   </div>
   <div class='ocr_carea' id='block_1_7' title="bbox 228 3692 1191 3993">
    <p class='ocr_par' dir='ltr' id='par_1_15' title="bbox 228 3692 1191 3993">
     <span class='ocr_line' id='line_1_20' title="bbox 282 3692 1191 3776; baseline -0.009 -15"><span class='ocrx_word' id='word_1_120' title='bbox 282 3694 351 3762; x_wconf 64' lang='lat' dir='ltr'>AM</span> <span class='ocrx_word' id='word_1_121' title='bbox 369 3716 428 3760; x_wconf 71' lang='lat' dir='ltr'>suu</span> <span class='ocrx_word' id='word_1_122' title='bbox 444 3692 628 3758; x_wconf 75' lang='lat' dir='ltr'>Neustriaci</span> <span class='ocrx_word' id='word_1_123' title='bbox 646 3692 769 3774; x_wconf 85' lang='lat' dir='ltr'><strong>jactent</strong></span> <span class='ocrx_word' id='word_1_124' title='bbox 783 3712 874 3774; x_wconf 69' lang='lat' dir='ltr'>pm,</span> <span class='ocrx_word' id='word_1_125' title='bbox 888 3711 1053 3774; x_wconf 82' lang='lat' dir='ltr'>pomaque</span> <span class='ocrx_word' id='word_1_126' title='bbox 1066 3692 1191 3776; x_wconf 79' lang='lat' dir='ltr'>campi,</span> 
     </span>
     <span class='ocr_line' id='line_1_21' title="bbox 228 3799 1175 3903; baseline -0.005 -36"><span class='ocrx_word' id='word_1_127' title='bbox 228 3879 246 3903; x_wconf 31' lang='grc' dir='ltr'>ἱ</span> <span class='ocrx_word' id='word_1_128' title='bbox 305 3801 356 3867; x_wconf 64' lang='lat' dir='ltr'>lie</span> <span class='ocrx_word' id='word_1_129' title='bbox 372 3803 493 3886; x_wconf 81' lang='lat' dir='ltr'>quibus</span> <span class='ocrx_word' id='word_1_130' title='bbox 507 3800 617 3863; x_wconf 72' lang='lat' dir='ltr'>ulicioe</span> <span class='ocrx_word' id='word_1_131' title='bbox 632 3810 789 3871; x_wconf 79' lang='lat' dir='ltr'>mustum,</span> <span class='ocrx_word' id='word_1_132' title='bbox 803 3799 993 3879; x_wconf 75' lang='lat' dir='ltr'>miidosque</span> <span class='ocrx_word' id='word_1_133' title='bbox 1007 3799 1156 3880; x_wconf 58' lang='lat' dir='ltr'>liquores</span> <span class='ocrx_word' id='word_1_134' title='bbox 1165 3823 1175 3878; x_wconf 86' lang='grc'><strong>;</strong></span> 
     </span>
     <span class='ocr_line' id='line_1_22' title="bbox 233 3905 1019 3993; baseline -0.008 -21"><span class='ocrx_word' id='word_1_135' title='bbox 233 3909 378 3993; x_wconf 73' lang='lat' dir='ltr'>Quodsi</span> <span class='ocrx_word' id='word_1_136' title='bbox 393 3907 550 3977; x_wconf 66' lang='lat' dir='ltr'>ootbdiis,</span> <span class='ocrx_word' id='word_1_137' title='bbox 565 3906 760 3988; x_wconf 55' lang='lat' dir='ltr'>lingum}</span> <span class='ocrx_word' id='word_1_138' title='bbox 773 3917 873 3986; x_wconf 82' lang='lat' dir='ltr'>atque</span> <span class='ocrx_word' id='word_1_139' title='bbox 886 3905 1019 3967; x_wconf 71' lang='lat' dir='ltr'>wlebis.</span> 
     </span>
    </p>
   </div>
   <div class='ocr_carea' id='block_1_8' title="bbox 0 0 1461 4732">
    <p class='ocr_par' dir='ltr' id='par_1_16' title="bbox 0 0 1461 4732">
     <span class='ocr_line' id='line_1_23' title="bbox 0 0 1461 4732; baseline 0 0"><span class='ocrx_word' id='word_1_140' title='bbox 0 0 1461 4732; x_wconf 95' lang='lat' dir='ltr'> </span> 
     </span>
    </p>
   </div>
  </div>
 </body>
</html>
