2896 4732
212 1282 217 1290 ι

224 539 260 615 76
428 539 480 600 De
497 538 703 601 Comervamla
722 540 811 600 Bona
831 539 1008 600 Valetudr‘nc.

621 769 822 835 XXXVIII.

430 942 486 1006 mr
506 938 621 1012 fficio
642 937 780 1006 Ituran(
802 944 831 1007 et
852 937 1012 1008 tottmoi.

232 1104 404 1261 INTER
418 1105 642 1187 prandendum
658 1106 700 1168 sit
715 1105 802 1187 saepe
817 1105 998 1187 partimque
1012 1102 1200 1168 bibendum.

297 1209 347 1287 Ut¹
359 1210 467 1271 minus
482 1219 623 1291 aegrotes
638 1230 705 1271 non
721 1210 804 1271 inter
817 1209 938 1272 fercula
951 1217 1053 1290 potes.

595 1526 739 1614 (Adara
761 1529 846 1617 nv.)

221 1663 269 1728 Ut
282 1665 365 1728 vites
379 1684 520 1748 poenam,
537 1664 577 1728 de
593 1664 724 1747 potibus
741 1665 844 1748 incipe
860 1685 995 1729 coenam.

223 1773 301 1836 Post
315 1774 421 1856 pisces
437 1793 506 1835 nux
521 1773 571 1850 sit,
587 1782 662 1855 post
677 1793 789 1835 carnes
804 1793 918 1836 caseus
933 1773 1025 1836 adsit.

222 1881 327 1944 Unica
342 1900 412 1942 nux
426 1881 568 1963 prodest,
584 1889 680 1943 nocet
695 1881 803 1959 altera,
819 1880 913 1944 tertia
928 1901 1016 1944 mors
1031 1887 1090 1944 est.

222 1987 359 2072 Singula
374 1997 450 2072 post
465 2009 537 2067 ova,
552 1989 671 2072 pocula
685 2009 778 2051 sume
793 2008 886 2072 nova.

452 2641 595 2731 (Addirio
610 2665 653 2707 ex
670 2644 729 2708 Ed.
746 2644 866 2721 Parisii,
887 2641 991 2728 1861.)
1109 2725 1111 2729 ¹

221 2771 345 2834 Vinum
362 2771 459 2833 corde
475 2779 568 2833 vetus
584 2789 701 2850 corpus
718 2769 858 2831 desiccat
873 2777 906 2830 et
921 2770 992 2844 urit,

222 2876 266 2936 Et
281 2873 444 2936 choleram
460 2875 560 2935 nutrit
569 2895 577 2949 ;
599 2881 744 2936 ventrem
760 2873 980 2952 constringere
996 2872 1110 2948 Iertur;

221 2977 256 3041 Si
275 2977 395 3058 jungas
411 2997 529 3059 aquam
546 2977 759 3051 moderanter,
775 2995 911 3056 corpora
926 2977 1034 3050 nutrit,

221 3082 317 3164 Saepe
331 3081 473 3144 bibendo
487 3101 611 3164 parum,
626 3080 756 3162 pondus
772 3080 863 3142 laxas
879 3081 1057 3162 epularum,

147 3241 153 3255 .
222 3187 266 3249 Et
281 3186 389 3269 liquor
403 3188 471 3269 ipse
487 3187 544 3248 tibi
559 3185 712 3268 proderit,
724 3193 822 3266 atque
838 3185 938 3247 cibus

221 3293 345 3356 VInum
361 3292 566 3375 lymphatum
582 3299 715 3374 generat
730 3291 851 3372 lepram
868 3292 932 3353 cito
947 3300 1080 3373 potum;

222 3399 309 3463 Illud
325 3421 404 3482 ergo
420 3400 572 3462 convenit
587 3419 652 3461 non
668 3417 806 3475 sumere,
822 3399 854 3460 ni
869 3397 952 3461 bene
968 3399 1118 3475 mixtum,

221 3506 256 3571 Si
272 3509 322 3571 vis
336 3507 485 3592 perfecte,
501 3507 529 3570 si
545 3507 594 3569 vis
609 3514 642 3569 te
657 3506 765 3569 vivere
780 3504 876 3583 recte,
1025 3502 1027 3506 ⁴

222 3615 323 3679 Disce
337 3636 451 3699 parum
466 3615 586 3696 bibere,
603 3614 647 3676 sis
662 3612 776 3697 procul
792 3635 812 3677 a
826 3633 952 3677 venere.

222 3722 300 3785 Post
315 3722 426 3784 vinum
442 3720 549 3797 verba,
564 3729 640 3803 post
655 3720 791 3782 imbrem
807 3720 948 3782 nascitur
963 3718 1063 3781 herba
1072 3738 1081 3798 ;
