2896 4732
221 575 276 616 122
424 554 477 615 De
500 555 708 615 Comcrvumla
728 555 818 614 Bona
838 554 1016 614 Valetudine.

386 783 522 846 lumem
543 783 768 848 Auuunnnris
797 782 1069 847 Munnncnoems.

222 907 410 970 Humerum
424 906 523 990 pleno
538 907 617 970 dum
632 907 706 969 faex
722 908 754 969 in
771 927 907 989 corpore
923 914 1045 988 regnat,

222 1013 326 1096 Nigra
341 1014 434 1090 eutis,
450 1012 551 1076 durus
566 1012 691 1095 pulsus,
705 1013 879 1095 tenuisque
895 1013 995 1088 urina,

222 1119 428 1197 Sollicitudo,
440 1120 548 1196 timor,
563 1120 701 1197 tristitia,
717 1120 844 1183 somnia
858 1128 959 1197 tetra;

223 1226 393 1290 Acescunt
408 1235 529 1303 ructus,
545 1246 650 1309 sapor,
666 1235 700 1289 et
715 1227 907 1309 sputaminis
924 1226 1019 1289 idem.

224 1332 379 1414 Levaque
394 1331 558 1415 praecipue
573 1333 670 1396 tinnit
684 1333 736 1395 vel
751 1332 860 1396 sibilat
873 1333 970 1396 auris.

667 1831 792 1897 XCIII.

338 1968 393 2034 mr
413 1964 659 2047 llllrtutnniu,
673 1968 714 2032 nr
734 1967 853 2035 ueluti
873 1965 1121 2046 nutrimenta.

316 2098 438 2164 ENUS
454 2108 579 2183 septem
594 2099 652 2162 vix
666 2097 924 2182 phlebotomiam
938 2100 1020 2182 petit
1033 2119 1149 2163 annus.
1230 2136 1234 2143 ·

338 2205 478 2288 Spiritus
495 2204 625 2268 uberior
640 2206 709 2266 exit
723 2225 781 2287 per
795 2204 1061 2287 phlebotomiam.

227 2309 367 2394 Spiritus
382 2332 426 2374 ex
440 2319 520 2394 potu
536 2310 602 2374 vini
618 2329 700 2371 mox
715 2308 956 2391 multiplicatur,

229 2416 485 2498 Humorumque
500 2416 575 2479 cibo
590 2415 746 2478 damum
761 2414 848 2477 lente
863 2424 1036 2497 reparatur.

229 2522 371 2586 Lumina
385 2520 547 2598 clarificat,
562 2521 701 2583 sincerat
715 2520 939 2602 phlebotomia

231 2628 361 2691 Mentes
376 2635 410 2690 et
424 2627 603 2704 cerebrum,
618 2627 738 2690 calidas
754 2626 829 2689 lacit
843 2646 915 2689 esse
930 2626 1100 2703 medullas,

228 2734 366 2796 Viscera
380 2731 541 2813 purgabit,
557 2730 762 2794 stomachum
777 2739 989 2813 ventremque
1004 2741 1142 2809 coercet,

231 2837 334 2901 Puros
349 2836 405 2898 dat
420 2855 544 2914 sensus,
560 2838 615 2900 dat
630 2857 791 2914 somnum,
807 2837 905 2900 taedia
919 2836 1005 2900 tollit
1078 2821 1081 2827 ’

230 2939 386 3018 Auditus,
401 2960 526 3019 vocem,
541 2942 625 3006 vires
640 2942 791 3025 producit
805 2951 839 3005 et
852 2950 960 3024 auget.

672 3231 795 3298 XCIV.

234 3367 375 3445 uultus
410 3368 605 3443 turnultus
642 3366 848 3447 bertrami,
885 3366 1066 3445 uetuisset
1099 3369 1242 3444 Nntrut

607 3467 852 3547 lillebonam.

320 3597 406 3664 RES
423 3599 533 3666 insunt
548 3600 627 3679 istis,
645 3599 763 3678 Maius,
778 3598 978 3684 September,
995 3561 1129 3684 Aprilis,

340 3706 384 3768 Et
398 3715 474 3769 sunt
491 3707 647 3784 Lunares,
663 3715 740 3770 sunt
753 3707 843 3770 velut
859 3705 976 3786 Hydra
991 3706 1070 3770 dies.
