2896 4732
251 563 291 626 50
457 547 509 607 De
533 548 741 608 conservanda
761 548 851 607 Bona
872 548 1050 608 Valetudine.

494 729 639 838 (Acidino
653 754 686 817 in
703 754 757 817 Ed·
771 753 892 832 Parisii,
912 753 989 817 1861
995 749 1016 837 )

250 875 286 942 Si
302 876 376 959 quis
391 876 473 940 fort&
487 878 577 961 cupit
591 896 709 940 somno
725 877 894 960 indulgere
911 880 1037 956 diurno,

251 983 286 1048 Si
302 986 471 1047 consuevit
487 984 539 1060 ita,
555 984 663 1047 minus
680 984 725 1047 illi
742 984 838 1066 culpa
852 986 983 1047 nocebit
992 1007 1000 1064 ;

251 1090 444 1154 Dummodo
459 1110 525 1153 non
541 1090 661 1172 longus
676 1111 822 1168 somnus,
838 1112 899 1154 nec
913 1091 1085 1174 proximus
1100 1112 1206 1172 escae;

251 1196 317 1260 Sed
331 1196 448 1273 brevis,
464 1196 569 1278 capite
585 1195 674 1259 recto
689 1206 845 1274 sumetur,
861 1205 894 1259 et
912 1197 973 1279 ipsi

252 1303 319 1386 Qui
336 1303 465 1380 dormit,
480 1302 575 1366 liceat
589 1303 698 1364 sonitu
714 1302 804 1365 finire
820 1304 980 1367 modesto.

253 1408 423 1472 Mensibus
438 1408 471 1471 in
487 1408 607 1491 quibus
624 1407 664 1485 R,
679 1416 756 1492 post
770 1408 904 1491 prandia
919 1429 1037 1472 somno
1053 1408 1091 1472 fis
1107 1429 1205 1493 aeger,

252 1516 423 1580 Mensibus
438 1516 471 1579 in
487 1516 606 1598 quibus
620 1514 687 1594 US‚
703 1536 838 1578 somnus
853 1524 930 1598 post
943 1518 1079 1599 prandia
1092 1517 1209 1584 bonus.

728 2423 786 2491 IV.

218 2530 253 2566 d

494 2602 550 2670 itte
572 2602 689 2682 thatu
715 2600 749 2670 tn
774 2599 849 2669 atto
871 2603 1013 2669 noento.

346 2770 543 2835 UATUOR
558 2780 715 2834 exvento
729 2771 864 2833 veniunt
879 2772 912 2832 in
926 2778 1038 2832 ventre
1053 2778 1197 2847 retento;

257 2767 340 2970 Q
369 2875 536 2958 Spasmus,
548 2876 704 2958 hydrops,
717 2876 829 2952 colica,
842 2875 979 2956 vertigo,
991 2874 1056 2936 hoc
1072 2893 1124 2937 res
1137 2875 1254 2956 probat

425 3004 503 3066 ipsa.

705 3571 713 3596 ·
731 3559 772 3625 V.

654 3735 708 3801 mi
732 3733 854 3801 (πωπω.

338 3899 371 3964 X
388 3892 615 3982 magna'coenffa
631 3887 802 3964 stomacho
818 3901 853 3963 fit
869 3901 1013 3964 maxima
1027 3923 1143 3985 prena,

359 4006 405 4070 Ut
420 4007 464 4068 sis
481 4016 576 4070 nocte
593 4008 682 4083 levis,
698 4009 739 4069 sit
755 4008 812 4070 tibi
828 4027 922 4069 coena
937 4007 1052 4071 brevis
