2896 4732
224 557 281 612 144
636 537 801 615 Apperrdix.

221 727 290 792 Sub
305 727 389 811 pede
404 726 553 804 calcatur,
569 727 734 790 vermibus
749 747 825 789 esca
839 726 942 790 datur.

223 832 312 896 Huic
327 842 542 910 succurratur,
558 834 648 914 quod
662 832 747 897 bene
762 833 835 914 quis
852 833 1010 896 diaetatur.

222 941 334 1005 Vitam
349 941 531 1023 prolongat,
548 942 606 1004 sed
621 961 686 1003 non
703 941 863 1003 medicina
876 949 1056 1023 perrennat.

223 1046 376 1110 Custodit
390 1047 489 1108 vitam
505 1047 561 1127 qui
577 1047 720 1108 custodit
735 1046 914 1108 sanitatem.

223 1151 288 1214 Sed
304 1152 392 1232 prior
406 1160 457 1213 est
471 1151 591 1213 sanitas
607 1171 706 1232 quam
722 1151 764 1213 sit
779 1152 902 1213 curatio
918 1151 1032 1214 morbi.

222 1256 290 1318 Ars
305 1256 455 1338 primitus
471 1265 583 1336 surgat
598 1256 630 1317 in
646 1275 787 1331 causam,
803 1275 870 1336 quo
889 1256 993 1336 magis
1008 1256 1159 1336 vigeatis.

225 1360 292 1440 Qui
307 1359 379 1421 vult
393 1360 609 1439 longinquum
625 1359 723 1421 vitam
739 1359 916 1439 perducere
932 1360 964 1420 in
980 1378 1098 1436 aevum,

226 1463 356 1525 Mature
371 1461 426 1524 fiat
441 1462 586 1524 moribus
601 1471 676 1524 ante
691 1482 803 1539 senex,

226 1568 337 1632 Senex
351 1566 485 1646 mature,
501 1567 528 1630 si
543 1567 624 1630 velis
639 1587 712 1630 esse
727 1564 800 1631 dici.

643 2432 812 2515 muntem.

315 2603 451 2670 RISTE
473 2624 539 2685 cor,
564 2605 611 2669 ira
634 2605 793 2688 frequens,
817 2605 911 2685 bene,
926 2607 954 2671 si
979 2627 1044 2671 non
1068 2609 1120 2688 sit,
1137 2608 1235 2675 labor

400 2714 525 2795 ingens,

227 2818 339 2881 Vitam
354 2827 552 2880 consumunt
567 2817 639 2881 haec
654 2819 715 2881 tria
729 2817 792 2880 fine
805 2818 915 2898 brevi;

230 2923 316 2985 Haec
331 2943 472 3004 namque
487 2924 529 2986 ad
545 2924 658 2985 mortis
674 2931 797 3004 coguut
811 2932 844 2985 te
859 2944 987 2986 currere
1001 2933 1113 2988 metas

229 3028 368 3110 Spiritus
384 3028 535 3091 exultans
551 3029 626 3091 facit
641 3037 677 3090 ut
690 3037 747 3091 tua
761 3027 875 3091 floreat
889 3037 978 3107 aetas,

229 3134 340 3197 Vitam
357 3135 509 3211 declinas,
524 3135 582 3197 tibi
598 3135 663 3196 sint
677 3135 704 3197 si
719 3135 854 3217 prandia
868 3135 964 3213 lauta,

230 3240 297 3324 Qui
313 3241 441 3304 fluxum
456 3241 584 3323 pateriS,
600 3240 672 3303 haec
687 3242 718 3303 ni
736 3262 859 3319 caveaS,
876 3241 1040 3305 morieris:

230 3348 459 3424 Concubitum,
475 3348 611 3410 nimium
626 3356 751 3429 potum,
766 3366 841 3410 cum
857 3347 975 3429 frigore
991 3356 1128 3428 motum,

230 3456 325 3532 Esca,
341 3454 433 3517 labor
447 3464 554 3536 potus,
570 3474 715 3531 somnus,
732 3455 907 3518 mediocria
921 3464 1054 3518 cuncta:

231 3561 348 3625 Peccat
362 3561 388 3623 si
405 3561 478 3642 quis
495 3561 527 3623 in
543 3561 603 3637 his,
618 3561 738 3643 patitur
753 3569 866 3624 natura
881 3561 1026 3626 moleste.

178 3682 183 3693 ⁴
231 3668 373 3749 Surgere
389 3688 483 3730 mane
499 3669 573 3744 cito,
590 3668 751 3750 spatiatim
766 3689 901 3750 pergere
921 3689 995 3732 sero
1004 3691 1012 3748 ;

233 3773 318 3836 Haec
334 3773 501 3837 hominem
517 3774 636 3837 faciunt
652 3794 776 3851 sanum,
792 3774 1211 3858 hilaremque'relinquunt.
