2896 4732
652 546 863 622 Introductoty.

394 730 495 779 “Utere
507 728 618 778 convivis
629 744 680 777 non
691 728 808 788 tristibus,
821 737 890 778 utere
902 728 997 788 amicis,

417 811 489 874 Quos
500 826 574 875 nugae
585 818 610 860 et
621 811 692 868 risus,
705 819 730 860 et
743 812 800 875 joca
810 813 877 860 salsa
890 811 984 874 juvant

417 893 499 956 Quem
511 909 561 942 non
572 893 664 942 blanda
672 892 760 957 juvent
770 893 832 942 varii
843 893 1011 943 modulamine
1022 895 1128 944 cantus?

419 975 489 1024 Hinc
501 974 572 1039 jecur
583 983 608 1024 et
618 990 698 1035 renes,
711 990 827 1039 aegraque
839 975 915 1024 corda
927 983 1035 1039 stupent

418 1060 486 1109 Nam
496 1059 558 1109 nihil
571 1060 692 1108 humanas
702 1066 771 1109 lanta
782 1057 913 1109 dulcedine
924 1069 1021 1109 mentes

418 1143 511 1203 Adicit,
524 1159 554 1194 ac
564 1144 653 1193 melica
664 1143 748 1193 nobile
759 1144 829 1193 vocis
840 1159 911 1207 opus.

417 1229 506 1291 Tange
517 1228 594 1292 lyram
605 1227 697 1291 digitis,
709 1226 785 1276 animi
796 1227 868 1276 dolor
879 1226 962 1276 omnis
972 1226 1060 1288 abibit,

419 1309 586 1359 Dulcisonum
596 1309 675 1358 reficit
685 1309 766 1358 tristia
776 1309 853 1358 corda
862 1309 967 1359 melos.”

299 1593 400 1668 Atque
411 1592 555 1652 hactenus
565 1591 688 1668 quidem
702 1590 795 1665 dicta,
808 1605 918 1668 magna
931 1609 968 1650 ex
981 1602 1066 1667 parte
1077 1590 1159 1652 hisce
1169 1590 1262 1653 etiam

262 1690 403 1762 versibus,
420 1709 457 1748 ex
471 1689 662 1766 Hieronymi>
677 1688 864 1749 Fracastorio
878 1688 1029 1765 complexi
1043 1707 1151 1750 sumus.

396 1829 411 1855 ‘⁴
418 1828 459 1876 Tu
470 1834 552 1876 tamen
563 1826 658 1875 interea
668 1825 770 1890 effugite
781 1841 838 1891 quae
849 1825 929 1876 tristia
939 1834 1049 1876 mentem

420 1910 568 1972 Sollicitam,
580 1911 667 1975 procul
678 1927 733 1960 esse
747 1911 807 1975 jube
819 1926 939 1976 curasque
949 1920 1094 1976 metumque

420 1997 565 2056 Pallentem‚
577 1996 677 2046 ultrices
688 1995 745 2055 iras,
756 1996 806 2045 sint
817 1996 901 2046 omnia
912 1997 977 2046 laeta.

420 2080 496 2129 Alma
507 2079 586 2128 Ceres
597 2087 622 2128 te
634 2079 661 2128 iu
672 2078 728 2139 hoc,
740 2079 831 2128 Bacchi
844 2094 945 2144 quoque
957 2080 1015 2128 laeta
1028 2077 1151 2143 juvabunt

420 2163 534 2222 Munera,
546 2162 584 2212 sic
594 2163 681 2212 dulces
691 2165 774 2226 epulae
785 2163 823 2213 sic
834 2163 907 2226 copia
920 2178 1010 2222 rerum,

420 2245 463 2296 Sic
473 2245 550 2305 urbis,
562 2245 600 2295 sic
610 2246 675 2295 ruris
686 2261 755 2309 opes,
768 2253 793 2295 et
803 2261 902 2295 summa
911 2246 1035 2308 voluptas,

420 2328 511 2378 Visere
521 2326 591 2392 eaepl
602 2344 688 2379 amnes
699 2329 793 2378 nitidos
807 2327 967 2394 jucundaque
978 2331 1082 2392 Tempe.

419 2412 454 2461 Et
465 2411 576 2475 placidas
587 2412 692 2461 summis
703 2412 792 2462 sectari
803 2412 828 2461 in
840 2411 966 2461 montibus
977 2427 1058 2472 auras,

422 2495 553 2545 Accedant
566 2495 736 2561 juvenumque
747 2496 824 2556 chori,
836 2495 968 2560 mistaeque
978 2495 1095 2560 puellm'’

301 3027 394 3104 Quod
409 3025 522 3087 diserte
535 3026 699 3086 admodum
713 3027 793 3103 apud
808 3024 900 3100 Ovid,
916 3025 977 3088 lib:
999 3048 1025 3101 1,
1041 3025 1137 3103 Epist.
1156 3046 1183 3100 4.

397 3262 496 3328 “Quod
507 3269 575 3313 curet
585 3263 680 3313 alterna
690 3262 777 3326 requie
788 3261 901 3312 durabile
912 3279 963 3313 uon
974 3271 1020 3325 eet,

422 3347 489 3398 Haec
498 3354 597 3410 reparat
608 3345 681 3407 vireu,
693 3345 809 3410 fessaque
820 3345 932 3396 membra
942 3348 1032 3397 Μεθ’
1044 3369 1048 3378 ·
