2896 4732
224 561 280 617 116
426 559 477 618 De
501 559 709 619 Conscwuuda
728 558 818 618 Boua
838 555 1015 616 Vulcludiue.

597 767 741 852 (Acidino
754 785 785 831 Α.
795 764 841 851 ν.)

222 893 389 956 Humidus
404 903 454 957 est
468 895 612 975 sanguis,
628 893 720 969 calet,
735 900 785 955 est
799 893 849 954 vis
863 891 946 954 aeris
962 890 1017 952 illi.

220 998 324 1080 Alget
337 999 500 1080 phlegma,
516 998 696 1078 humetque
711 997 756 1060 illi
772 997 819 1058 sic
834 997 928 1077 copia
941 1014 1066 1075 aquosa
1080 1001 1139 1057 est.

221 1101 315 1164 Sicca
329 1101 412 1164 calet
426 1100 567 1178 cholera,
582 1109 616 1163 et
630 1101 698 1182 igni
713 1099 749 1162 fit
763 1100 911 1175 similata,

223 1205 360 1285 Frigens
375 1205 462 1267 sicca
476 1203 691 1267 melancholia
705 1212 765 1280 est,
780 1212 875 1265 terrae
889 1196 1079 1264 adsimilata
1192 1239 1194 1242 >

637 1408 805 1419 ...---.-

606 1537 838 1603 LXXXVIII.

559 1699 613 1765 lut
633 1697 888 1777 umuetututu.

620 1855 823 1920 Snuoumnn.

320 1980 484 2046 AwRA
499 1983 638 2065 pingues
653 1984 705 2045 isti
722 1991 807 2059 sunt,
822 1991 920 2064 atque
934 1981 1090 2062 jocantes,

342 2087 478 2172 Semper
492 2109 638 2152 rumores
654 2090 789 2172 cupiunt
803 2089 914 2152 audire
930 2087 1119 2169 frequenter.

227 2191 301 2256 Hos
315 2194 430 2258 Venus
444 2205 478 2258 et
493 2196 641 2258 Bacchus
657 2197 827 2274 delectant,
843 2196 971 2271 fercula,
987 2195 1086 2271 risus3

227 2296 271 2361 lu
283 2298 359 2363 'saucit
374 2299 435 2363 hos
450 2301 577 2378 hilares,
594 2311 628 2365 et
642 2302 749 2365 dulcia
763 2302 862 2366 verba
876 2301 1056 2383 loquentes.

227 2404 389 2469 Omnibus
405 2405 438 2470 hi
454 2409 570 2471 studiis
585 2409 709 2471 habiles
725 2416 810 2486 sunt,
826 2417 859 2472 et
874 2407 978 2490 magis
994 2406 1069 2490 apti.

228 2511 383 2595 Qualibet
397 2536 440 2577 ex
456 2536 554 2580 causa
568 2537 628 2580 nec
643 2516 704 2580 hos
721 2516 834 2581 leviter
848 2524 958 2579 movet
974 2516 1027 2579 ira.

207 2639 213 2649 ·
230 2617 364 2702 largus,
380 2642 500 2699 amans,
516 2623 635 2700 hilaris,
652 2624 768 2701 ridetis,
784 2625 939 2706 rubeique
954 2623 1084 2699 coloris,

228 2723 379 2802 Cantans,
395 2747 558 2806 carnosus,
574 2731 651 2792 satis
666 2731 784 2807 audax,
799 2738 897 2811 atque
911 2729 1090 2810 benignus.⁴

567 3059 572 3069 '
627 3064 824 3128 LXXXIX.

506 3211 683 3292 ululatus
705 3213 777 3282 uiue
797 3212 948 3281 luiliusu.

309 3352 363 3418 ST
384 3363 417 3417 et
438 3353 558 3416 humor
579 3352 729 3431 cholerae,
746 3355 801 3436 qui
824 3353 980 3436 competit
1002 3351 1206 3434 impetuosis,

332 3460 408 3525 Hoc
443 3482 547 3544 genus
580 3470 630 3524 cst
663 3460 832 3524 hominum
870 3460 1003 3543 cupiens
1040 3457 1234 3543 praecellere

400 3579 545 3633 cunctos.

229 3679 275 3741 Ili
292 3677 404 3741 leviter
419 3679 556 3754 discunt,
572 3676 711 3738 multum
727 3676 912 3750 comedunt,
929 3675 994 3737 cito
1010 3683 1167 3737 crescunt.

229 3785 310 3846 Inde
326 3785 521 3866 magnanimi
539 3793 623 3858 sunt,
640 3782 729 3863 largi,
747 3797 873 3843 summa
888 3791 1043 3862 petentes

230 3888 396 3964 IlirsutuS,
413 3889 518 3964 fallax,
536 3890 685 3963 nascens,
701 3889 867 3968 prodigus
883 3887 1001 3959 mulax,

229 3995 379 4069 Astulus,
397 3993 524 4075 gracilis
543 3995 658 4069 siccus,
675 3993 844 4072 croceique
861 3991 987 4053 coluris.
