2896 4732
222 551 262 608 80
427 549 480 607 Dc
497 549 704 608 Conservamla
723 549 813 606 Bona
834 547 1011 606 Valetudine.

220 734 318 797 Anus
332 734 422 815 pedit
436 735 516 796 dum
531 743 665 796 coctana
679 733 780 795 cruda
794 734 937 794 comedit
945 754 954 811 3

221 837 256 903 Si
272 839 367 901 suerit
380 848 482 915 cocta,
497 848 576 901 tunc
590 847 640 901 est
654 839 746 902 cibus
761 847 794 900 et
809 838 977 900 medicina„

222 943 343 1008 Omnia
357 944 443 1007 mala
459 943 553 1020 mala,
567 953 686 1026 praeter
699 944 810 1025 Appia
824 941 1034 1006 Salernitana„

223 1049 366 1131 Quando
381 1051 469 1132 capis
484 1070 592 1131 poma,
607 1051 649 1111 de
663 1051 783 1111 vertice
798 1050 862 1111 duc
876 1050 1049 1129 perizoma,

223 1154 365 1236 Quando
381 1155 468 1236 capis
483 1175 573 1236 pyra,
589 1163 666 1216 tunc
681 1153 787 1236 prim&
802 1153 843 1215 de
858 1153 977 1214 vertice
993 1174 1083 1234 gyra.

221 1259 316 1322 Tolle
331 1261 611 1342 peripsma-post
625 1260 687 1321 ede
701 1259 994 1342 pulpam-sperne
1009 1260 1157 1338 arullam,

223 1365 615 1449 Persica-pyra-poma
629 1385 704 1427 cum
721 1366 841 1429 cortice
856 1375 933 1429 sunt
947 1365 1091 1430 meliora.

688 1757 761 1821 XL.

608 1932 664 1999 me
685 1928 843 1999 Quanta.

308 2100 464 2166 ERASA
480 2101 507 2163 si
523 2102 685 2178 comedas,
701 2102 758 2165 tibi
775 2100 898 2163 confert
913 2101 1047 2183 grandia
1062 2100 1166 2180 dona;
1199 2090 1201 2095 ¹
1221 2144 1225 2154 ·

254 2295 260 2305 Ι
329 2208 501 2289 Expurgat
517 2206 722 2269 stomachum
739 2207 874 2269 nucleus
893 2205 1034 2288 lapidem
1048 2207 1106 2269 tibi
1121 2206 1225 2285 tollet,

225 2315 268 2378 Et
283 2315 324 2378 de
340 2335 435 2377 carne
450 2335 510 2376 sua
524 2313 657 2396 sanguis
674 2314 798 2396 eritque
813 2312 928 2377 bonuS.

629 2570 823 2582 m-

679 2749 770 2812 XLI.

617 2920 672 2984 me
692 2918 837 2994 muniz.

235 3085 267 3244 Ι
281 3085 587 3163 NFRIfflDANT,
600 3085 719 3164 laxant,
732 3086 871 3148 multum
882 3095 1019 3169 prosunt
1033 3086 1090 3149 tibi
1102 3106 1225 3170 prunae.

674 3537 783 3604 XLII.

393 3712 449 3779 me
470 3709 635 3792 inanitas,
651 3709 811 3781 mnemia
835 3719 863 3780 et
885 3711 1065 3790 iwannum.

303 3879 472 3944 ERSICA
487 3901 562 3943 cum
579 3891 687 3943 musto
702 3880 795 3944 vobis
812 3882 906 3944 (latur
920 3883 1033 3945 ordine
1052 3883 1142 3963 justo

324 3985 460 4048 Sumere
470 4008 478 4063 ;
502 3989 548 4047 sic
564 3995 612 4047 est
630 4007 711 4062 mos,
728 3988 864 4048 nucibus
883 3990 1037 4049 sociando
1055 4007 1208 4050 racemos.
