2896 4732
283 591 339 646 140
696 576 861 653 Appendr'x.

283 759 373 822 Dum
390 760 480 822 dolet
494 759 649 838 infirmus,
665 761 811 824 medicus
827 765 869 824 sit
883 762 1021 845 pignore
1036 762 1148 826 firmus
1157 785 1166 844 ;

282 865 389 946 AEgro
405 864 548 942 liberato,
565 865 654 929 dolet
669 867 709 929 de
724 868 861 948 pignore
876 867 962 931 datu.

284 970 375 1052 Ergo
390 980 481 1053 petas
496 972 645 1053 pretium,
661 973 793 1054 patienti
810 972 889 1033 dum
905 972 1002 1036 dolor
1016 973 1132 1053 instat3

284 1076 370 1139 Nam
386 1076 465 1138 dum
481 1078 615 1139 morbus
630 1078 731 1153 abest,
747 1078 823 1140 dare
839 1087 954 1157 cessat,
970 1079 1011 1141 lis
1026 1099 1159 1162 quoque
1179 1089 1297 1147 restat
1317 1151 1324 1164 ‚

284 1181 405 1265 Empta
419 1181 503 1245 solet
518 1204 591 1246 care
607 1183 746 1246 multum
762 1185 923 1247 medicina
941 1184 1063 1266 juvare.

284 1287 318 1351 Si
335 1309 400 1369 qua
415 1289 511 1350 detur
525 1290 635 1369 gratis,
651 1289 696 1351 nil
711 1289 803 1352 affert
818 1289 974 1353 utilitatis.

286 1393 355 1456 Res
371 1394 447 1456 dare
462 1414 522 1475 pro
538 1393 644 1470 rebus,
660 1415 720 1476 pro
734 1394 842 1458 verbis
857 1394 957 1459 verba
971 1394 1116 1459 solemus
1125 1417 1135 1474 ;

286 1500 349 1563 Pro
363 1500 455 1563 vanis
470 1500 587 1579 verbis,
604 1502 766 1563 montanis
786 1502 908 1564 utimur
921 1501 1048 1582 herbis3

287 1607 348 1670 Pro
364 1608 446 1698 caris
462 1607 568 1685 rebus,
584 1609 759 1691 pigmentis
775 1617 808 1672 et
822 1609 1001 1691 speciebus.

286 1712 348 1776 Est
363 1713 563 1777 medicinalis
579 1714 713 1777 medicis
729 1715 804 1777 data
819 1714 932 1797 regula
946 1715 1037 1796 talis;

285 1820 333 1885 Ut
347 1821 473 1884 dicatur
486 1820 540 1900 da,
555 1820 609 1898 da,
625 1821 703 1883 dum
719 1821 840 1904 profert
854 1821 1029 1906 languidus
1043 1821 1095 1902 ha,
1109 1821 1183 1889 lta!

286 1926 341 1991 Da
355 1928 490 1991 medicis
505 1928 611 2011 primo
627 1928 782 2006 medium,
798 1930 907 1991 medio
923 1929 1002 1991 nihii
1019 1930 1093 1994 imo.
1280 1929 1283 1936 '

287 2034 415 2116 Expers
432 2033 608 2117 languoris,
624 2055 690 2097 non
706 2043 757 2097 est
772 2054 898 2097 memor
912 2034 1010 2116 hujus
1025 2035 1146 2098 amoris
1155 2057 1165 2115 ;

239 2142 244 2148 ’
287 2139 396 2221 Exige
411 2140 489 2202 dum
507 2138 601 2202 dolor
615 2149 665 2202 est
674 2161 682 2218 ;
705 2148 880 2222 postquam
896 2160 994 2222 poeuu
1008 2142 1152 2221 recessit,

285 2244 434 2309 Audebit
448 2266 547 2309 sanus
563 2244 688 2325 dicere;
711 2247 814 2309 multa
829 2246 913 2310 dedi.
