2896 4732
260 511 298 570 ⁶2
467 513 520 573 De
537 514 746 575 conservanda
765 514 855 575 Bona
874 514 1053 577 Valemdr'ne.

717 739 814 807 XXI.

558 887 614 954 mr
634 888 785 955 Nausia
807 887 976 961 fflsriua.

359 1025 518 1092 AUSEA
544 1048 611 1093 non
639 1029 759 1112 poterit
795 1026 867 1092 haec
903 1049 1104 1112 quemquam
1135 1050 1268 1122 vexare¹

426 1155 584 1198 marinam

263 1239 396 1303 Undam
411 1259 487 1302 cum
503 1241 590 1317 vino,
605 1241 743 1304 mixtam
759 1242 815 1323 qui
831 1242 1006 1324 sumpserit
1020 1250 1104 1305 ante.

671 1447 866 1458 ——un-

709 1579 823 1644 XXII.

514 1722 570 1789 mr
591 1723 757 1790 brittuli
781 1722 1017 1790 (naumurum.

331 1863 491 1943 ALVIA,
508 1864 565 1943 sal,
581 1866 702 1943 vinum,
718 1864 818 1950 piper,
834 1864 966 1943 allium,¹
983 1863 1227 1950 petroselinum,
1337 1851 1342 1859 ’

355 1974 410 2037 Ex
424 1973 475 2036 his
491 1973 526 2036 fit
541 1974 635 2050 salsa,
651 1975 711 2036 nisi
732 1974 775 2037 sit
789 1974 986 2068 commixtio·
997 1975 1084 2039 salsa.

701 2311 834 2377 XXIII.

451 2457 507 2524 mr
529 2455 693 2526 Intilitou
714 2457 872 2526 untionis
896 2457 1089 2532 mortuum.

352 2600 464 2669 OTIO
479 2610 554 2687 post
569 2621 716 2664 mensam
730 2601 789 2665 tibi
804 2602 928 2665 confert
942 2622 1077 2665 munera
1094 2601 1180 2679 bina,

375 2707 567 2799 Mvundificat
581 2707 715 2790 palmas,
731 2717 764 2770 et
779 2707 901 2771 lumIna
916 2709 1021 2771 reddit
1035 2707 1138 2771 acutass

267 2813 302 2876 Si
318 2815 387 2877 fore
401 2816 451 2877 vis
466 2834 574 2890 sanus,
590 2813 685 2875 ablue
701 2833 789 2894 saepe
804 2832 929 2876 manus.

299 2999 376 3048 ¹The
393 2998 504 3048 ancienis
519 2998 633 3047 ascribed
649 3005 719 3061 great
734 2997 905 3061 prophylactic
915 2997 1009 3046 virtues
1025 3004 1052 3044 to
1066 2995 1178 3059 garlica
1194 2996 1267 3044 tradi·

268 3080 320 3129 tion
332 3080 361 3129 οἰ
373 3080 456 3130 which
468 3080 490 3129 is
501 3080 552 3129 stin
564 3079 696 3128 cherished
713 3094 804 3142 among
820 3079 863 3127 the
877 3080 952 3127 lower
964 3080 1056 3127 classes
1067 3077 1096 3125 of
1108 3077 1268 3125 Contineutal

269 3162 378 3226 Europe
413 3162 476 3225 Says
486 3163 529 3210 the
542 3162 640 3210 Roman
653 3161 798 3211 Herbalist:

468 3285 559 3335 “Allia
570 3284 613 3350 qui
625 3283 698 3334 mane
707 3284 792 3349 jejuno
803 3250 937 3348 sumpserit
947 3298 998 3343 ore,

492 3369 569 3418 Hunc
580 3368 720 3432 ignotarum
732 3384 781 3416 non
793 3368 868 3417 laedet
879 3376 954 3430 potus
964 3381 1092 3431 aquarum,

490 3453 547 3503 Nec
557 3452 712 3502 diversorum
723 3451 829 3501 mutatio
840 3451 903 3500 sacta
914 3451 1031 3499 locorum

488 3556 506 3592 3
599 3555 617 3591 3
711 3554 729 3590 3
822 3554 840 3590 3
933 3554 950 3588 3
1044 3553 1061 3587 3

466 3643 482 3668 ⁴⁶
491 3641 557 3690 Haec
568 3639 625 3689 ideo
636 3638 740 3689 miscere
752 3637 815 3688 cibis
825 3636 979 3687 messoribus
990 3644 1028 3686 est
1038 3651 1102 3695 mos,

491 3723 528 3772 Ut
538 3721 560 3770 si
573 3719 636 3770 sorte
647 3736 723 3784 sopor
734 3721 814 3770 Iessos
825 3718 975 3782 depresserit
989 3718 1053 3777 illos,

490 3804 627 3853 vermibus
639 3801 653 3852 a
664 3802 751 3851 nocuis
761 3801 808 3851 tuti
819 3801 975 3866 requiescere
990 3800 1112 3862 possint.”

922 3885 1030 3942 Macrin,
1043 3884 1095 3934 lib:
1116 3897 1134 3932 1.
1148 3898 1201 3946 cap.
1216 3893 1236 3946 ς.
