2896 4732
223 534 261 595 70
426 519 479 578 De
495 519 703 579 Conservam&
722 522 811 578 Bona
830 521 1010 581 Valetudine.

951 642 1208 657 Ἀ*

654 746 787 810 ΧΧΧΙ.

321 914 377 978 nt
396 911 561 992 annulus
583 920 614 981 it
632 913 789 994 nunniti!
809 913 908 982 itinn
928 918 969 982 nt
990 918 1122 986 uasto.

305 1078 470 1144 OCIBUS
484 1080 640 1164 anguillae
653 1103 763 1165 pravae
777 1084 896 1146 suntsi
910 1085 1170 1149 comedantur-

327 1186 394 1268 Qui
410 1187 581 1269 physicam
596 1209 662 1251 non
677 1189 837 1270 ignorant,
852 1189 926 1252 haec
939 1191 1162 1257 testificantur.

222 1291 355 1369 CaseuS,
370 1292 523 1373 anguilla,
538 1293 635 1354 nimis
650 1293 771 1355 obsunt
785 1294 813 1355 si
827 1295 1051 1372 comedantur,

223 1396 266 1459 Ni
281 1405 318 1459 tu
333 1416 421 1480 saepe
436 1397 538 1474 bibas,
552 1407 586 1461 et
604 1399 780 1461 rebibendo
795 1399 897 1463 bibas.

647 1739 798 1806 XXXII.

423 1915 479 1981 lut
500 1912 582 1983 (till
603 1914 779 1998 uniusne
801 1913 835 1985 ln
855 1914 1023 1994 Iltniitln.

232 2057 264 2216 Ι
278 2057 405 2121 NTER
418 2060 643 2142 prandendum
658 2062 701 2124 sit
714 2061 804 2144 saepe
817 2082 998 2145 parumque
1012 2063 1202 2130 bibendum.

298 2163 333 2229 Si
348 2185 459 2228 sumas
475 2186 584 2244 ovum,
600 2168 699 2230 molle
715 2169 757 2230 sit
770 2177 871 2250 atquo
886 2188 1018 2233 novum

638 2504 805 2568 XXXIII.

512 2677 568 2744 ibt
588 2674 690 2750 bisin
715 2679 761 2756 (ct
784 2674 931 2754 ffnnisl·

298 2812 410 2877 ISUM
434 2813 632 2876 laudandum
647 2815 849 2877 decrevaus
863 2836 901 2878 ac
918 2815 1165 2897 reprobandum.

319 2919 380 2984 Est
394 2919 571 2982 inflativum
587 2941 662 2982 cum
677 2921 816 3003 pellibus
831 2929 929 3004 atque
943 2922 1107 2998 nocivum,

222 3025 364 3090 Pellibus
379 3027 494 3091 ablatis
510 3036 586 3091 sunt
601 3027 688 3091 bona
701 3029 772 3111 pisa
786 3029 872 3093 satis.

452 3302 596 3393 (Adina
610 3331 653 3374 ex
669 3311 729 3375 Ed.
746 3310 866 3389 Parisii,
887 3307 989 3396 1861.)

221 3441 349 3524 Corpus
365 3440 422 3505 alit
437 3440 517 3519 laba,
533 3441 725 3523 constringit
739 3461 814 3503 cum
830 3441 949 3504 cortice
963 3449 1118 3504 ventrem.

222 3549 376 3612 Dcsiccnt
389 3547 553 3631 phlegma,
569 3549 773 3611 stomachum
790 3548 964 3630 lumenque
981 3549 1094 3612 relidit.

222 3656 424 3719 Manducare
440 3656 544 3718 fabam
560 3675 684 3733 caveas,
699 3656 781 3738 parit
796 3656 850 3718 illa
864 3657 1060 3738 podagram

221 3762 370 3838 Mundat,
386 3762 555 3842 constipat,
572 3782 632 3823 nec
648 3781 713 3822 non
729 3771 826 3842 caput
840 3770 1004 3842 aggravat,
1021 3761 1118 3824 lnllat.

219 3869 278 3951 Jus
294 3866 430 3945 olerum,
446 3867 652 3948 cicerumque
666 3865 800 3942 bonum,
816 3866 994 3928 substantia
1009 3886 1115 3947 prava.
