2896 4732
221 521 262 594 ⁶4
426 521 479 581 De
496 521 704 581 Commoda
723 521 813 580 Boua
832 521 1012 580 Valetudine.

659 745 788 808 XXIV.

630 914 684 981 nt
705 913 818 990 vani.
886 884 894 892 ⁸

297 1082 407 1147 ANIS
423 1104 488 1146 non
504 1082 638 1160 calidus,
654 1104 714 1146 nec
729 1085 771 1146 sit
786 1083 882 1146 nimis
898 1082 1106 1160 inveteratus,

319 1189 384 1254 Sed
400 1191 619 1268 fermentatus,
636 1191 785 1253 oculatus
800 1191 852 1267 sit,
866 1189 951 1253 beni
966 1199 1088 1253 coctus.

223 1296 356 1360 Modica
371 1297 495 1374 salitus,
510 1296 657 1378 frugibus
672 1296 787 1359 validis
803 1297 845 1360 sit
860 1296 994 1360 electus,

223 1403 300 1466 Non
316 1403 470 1467 comedas
485 1413 638 1479 crustam,
654 1402 819 1465 choleram
834 1404 912 1484 quia
927 1403 1034 1485 gignit
1047 1403 1209 1466 adustam.

224 1509 319 1574 Panis
334 1509 483 1586 salsatus,
498 1509 718 1586 fermentatus,
732 1508 816 1571 beni:
831 1517 955 1585 coctus,

224 1614 328 1679 Purus
343 1614 378 1678 fit
392 1634 501 1692 sanus,
516 1615 572 1696 qui
588 1634 654 1677 non
670 1615 723 1691 ita,
738 1614 781 1676 sit
795 1614 853 1676 tibi
867 1633 980 1677 vanus.

453 1914 597 2004 (Additio
611 1940 655 1983 cx
671 1918 731 1983 Ed.
748 1917 869 1997 Parisii,
890 1915 994 2005 1861.)

224 2047 302 2110 Non
316 2047 367 2109 bis
382 2047 547 2122 decoctus
563 2066 629 2108 non
645 2047 677 2107 in
693 2046 855 2126 sartagine
870 2053 985 2108 tostus

224 2153 286 2214 Est
300 2152 406 2214 omnis
421 2151 539 2214 vitiosa
554 2150 689 2233 repletio
703 2151 845 2232 pessima
859 2151 961 2232 panis.

225 2257 301 2319 Plus
316 2257 408 2338 panis
424 2255 576 2318 comedas
592 2275 668 2317 cum
683 2255 781 2337 pisce,
797 2254 963 2330 fructibus,
979 2253 1097 2330 herbis,

223 2362 271 2426 At
286 2381 362 2425 cum
377 2380 473 2423 carne
489 2361 606 2438 minus,
622 2361 711 2422 duris
727 2360 785 2423 sed
800 2358 908 2422 adhuc
923 2360 1031 2422 minus
1046 2359 1127 2422 ovis.

669 2872 781 2937 XXV.

541 3047 593 3112 mr
614 3045 733 3113 (riatur
753 3043 915 3122 murrina.

310 3215 364 3281 ST
379 3236 455 3279 caro
469 3214 603 3298 porcina
618 3216 688 3278 sine
702 3216 778 3279 vino
793 3214 885 3298 pejor
900 3216 996 3279 ovina
1005 3237 1013 3294 ;

332 3322 367 3388 Si
382 3323 497 3385 tribuis
512 3322 596 3400 vina,
611 3331 689 3386 tunc
705 3332 755 3386 est
769 3324 861 3386 cibus
877 3332 910 3386 et
928 3323 1095 3386 medicina.

603 3725 748 3815 (additio
762 3751 793 3797 Α.
803 3729 847 3818 ν.)

226 3859 285 3923 Ilia
299 3859 386 3922 bona
401 3867 478 3921 sunt
492 3878 677 3941 porcorum,
693 3859 779 3922 mala
793 3870 869 3923 sunt
887 3860 1096 3942 reliquorum.
