2896 4732
280 604 318 676 78
486 601 538 659 Dc
555 601 763 662 conservanda
781 605 872 662 Bona
892 605 1069 665 Valcmdinc.

279 786 357 849 Post
371 788 516 850 studium
531 789 623 863 scire,
638 798 714 869 post
728 790 795 850 otia
809 788 913 852 multa
925 793 1048 872 perire;

253 891 257 897 ’
278 891 357 955 Post
370 892 485 955 florem
499 893 647 975 sequitur
660 892 792 970 fructus,
807 905 883 976 post
897 897 1017 977 gaudia
1032 897 1148 962 luctus.

276 998 313 1064 Si
327 1020 397 1063 vox
411 1008 462 1063 est
476 1020 583 1078 rauca,
596 999 673 1062 bne
687 1001 810 1079 vinum,
825 1003 916 1083 quod
929 1003 1012 1066 bibit
1025 1005 1139 1069 aucha„

690 2327 858 2408 xxnux.

678 2499 733 2565 me
753 2495 873 2579 muln
985 2532 989 2539 ·

359 2669 458 2734 DDE
472 2679 588 2753 potum
602 2690 696 2752 pyro,
711 2690 782 2732 nux
796 2678 847 2733 est
860 2670 1021 2735 medicina
1034 2693 1169 2738 veneno.

344 2781 347 2786 ’
379 2778 457 2841 Fert
470 2798 552 2860 pyra
566 2786 677 2840 nostra
690 2798 801 2859 pyrus,
811 2778 881 2840 sine
894 2778 972 2840 vino
987 2787 1064 2842 sunt
1076 2801 1158 2862 pyra
1171 2781 1269 2847 virus.

271 2883 305 2949 Si
320 2907 403 2969 pyra
416 2894 493 2949 sunt
507 2887 605 2963 virus,
619 2886 662 2947 sit
677 2883 847 2947 maledicta
860 2905 970 2967 pyrus.

271 2990 306 3056 Si
321 2994 437 3075 coquis
452 2992 635 3055 antidotum
649 3011 731 3074 pyra
745 2999 830 3068 sunt,
846 2992 904 3053 sed
918 2991 1019 3055 cruda
1033 3013 1203 3058 venenum.

272 3097 381 3164 Cruda
404 3107 540 3181 gravant
563 3097 779 3176 stomachum,
803 3097 946 3161 relevant
970 3119 1052 3181 pyra
1080 3110 1173 3164 cocta
1198 3122 1273 3184 gra·
1311 3117 1316 3128 ·

399 3216 520 3270 vatum.

271 3315 350 3379 Post
362 3335 445 3398 pyra
459 3315 502 3376 da
515 3322 640 3396 potum,
655 3320 731 3395 post
744 3331 880 3395 pomum
894 3313 977 3376 vade
992 3321 1148 3379 cacatunn

501 3805 644 3889 (Adduo
658 3828 702 3870 ex
718 3806 777 3870 Ed.
795 3805 916 3884 Parisii,
937 3804 1040 3891 1861.)

269 3932 359 3995 Ante
374 3933 493 4009 cibum,
509 3935 681 4014 stringunt,
697 3942 730 3993 et
745 3941 829 4013 post,
844 3952 926 4013 pyra
940 3940 1078 4012 sumpta,
1094 3932 1272 3997 resolvunt.

271 4038 354 4118 Pyra
368 4048 545 4115 sumantur,
562 4040 620 4101 sed
635 4047 710 4120 post
724 4038 811 4100 bona
825 4039 901 4099 vina
914 4046 1099 4118 sequantur.
1167 4066 1171 4073 ·
