2896 4732
223 611 281 667 124
428 594 481 655 De
498 596 704 656 thancmarum
724 596 813 656 Bona
833 595 1009 656 Wzlcmdiac.

223 781 329 846 Prima
344 782 413 846 dies
428 784 532 867 primi,
548 792 777 867 postremaque
791 785 1027 867 posteriorum

222 889 294 952 Nec
309 889 443 971 sanguis
458 889 560 951 minui
576 909 637 951 nec
651 890 801 951 carnibus
816 889 939 952 anseris
956 889 1012 952 uti.

223 992 262 1056 In
278 1013 355 1055 sene
370 993 422 1055 vel
441 991 562 1073 juvene
577 993 604 1055 si
619 1012 713 1055 venae
729 993 886 1074 sanguine
901 992 1017 1074 plenae,

223 1097 323 1161 Omni
339 1105 451 1160 mense
466 1095 550 1159 bene
564 1096 688 1159 confert
703 1097 816 1160 incisio
831 1117 933 1160 venae.

224 1203 270 1265 Hi
286 1211 363 1266 sunt
377 1212 442 1265 tres
458 1222 598 1279 menses,
615 1201 733 1279 Maius,
749 1201 950 1283 September,
965 1199 1098 1283 Aprilis,

224 1307 262 1369 In
277 1307 397 1387 quibus
413 1307 570 1383 eminuas,
588 1314 624 1369 ut
639 1306 741 1387 longo
756 1313 904 1387 tempore
918 1306 1018 1368 vivas.

672 1906 776 1971 XCV.

429 2080 484 2146 mr
505 2076 755 2158 lmarnlnmtin
775 2076 1022 2158 linteamenta.

297 2247 467 2312 RIGIDA
482 2255 606 2325 natura,
621 2247 741 2330 frigens
757 2248 858 2330 regio,
874 2247 968 2311 dolor
983 2248 1109 2330 ingens,

317 2354 439 2418 Balnea
453 2363 529 2436 post
544 2354 676 2431 coitum,
692 2345 798 2417 minor
813 2363 892 2416 aetas
908 2363 1005 2436 atque
1020 2352 1142 2429 senilis,

223 2460 362 2524 Morbus
377 2459 535 2543 prolixias
551 2467 648 2541 potus
664 2459 799 2542 repletio
814 2468 847 2522 et
861 2479 956 2537 escae,

222 2567 257 2633 Si
273 2567 405 2649 fragiliS,
421 2565 473 2630 vel
490 2566 627 2644 subtilis,
643 2585 758 2628 sensus
774 2566 933 2629 stomachi
949 2565 999 2644 sit,

223 2673 268 2736 Et
282 2673 412 2750 fastidit,
428 2671 485 2734 tibi
502 2690 568 2733 non
584 2680 661 2734 sunt
674 2669 951 2753 phlebotomandi.

662 3373 786 3439 XCVI.

315 3548 403 3623 aliua
426 3544 531 3613 (littra
552 3544 660 3612 Urna
681 3543 868 3620 fflrrtlnnrrn
891 3547 1134 3619 tibertinam.

325 3713 399 3776 AEC
414 3713 561 3776 facienda
575 3712 642 3789 tibi,
658 3714 789 3795 quando
804 3715 853 3775 vis
867 3714 1118 3797 phlebotomari,

346 3819 410 3880 Vel
426 3820 559 3899 quando
575 3819 703 3895 minuis,
719 3819 825 3895 fueriS,
840 3821 892 3882 vel
908 3824 1040 3902 quando
1056 3826 1223 3895 minutus.

223 3923 344 3986 Unctio
361 3924 429 3985 sive
445 3923 617 3999 lavacrum,
627 3934 734 4005 potus,
745 3925 797 3986 vel
813 3925 922 4002 fascia,
935 3939 1055 4006 motus,

225 4029 357 4091 Debent
372 4049 438 4091 non
454 4029 558 4111 fragili
574 4029 631 4091 tibi
648 4029 776 4111 singula
791 4041 899 4094 mente
917 4036 1029 4100 teneri.
